@article{Treder2017,
    title = {{Enterprise UX Industry Report}},
    year = {2017},
    journal = {UXPin},
    author = {Treder, Marcin and Cao, Jerry and Ho, Vince},
    url = {https://www.uxpin.com/enterprise-ux-design-2017-2018-industry-report},
    keywords = {industry, user experience}
}

@article{HassenzahlUserQuality,
    title = {{User Experience (UX): Towards an experiential perspective on product quality}},
    author = {Hassenzahl, Marc},
    url = {http://delivery.acm.org/10.1145/1520000/1512717/p11-hassenzahl.pdf?ip=130.229.173.213&id=1512717&acc=ACTIVE%20SERVICE&key=74F7687761D7AE37%2EE53E9A92DC589BF3%2E4D4702B0C3E38B35%2E4D4702B0C3E38B35&__acm__=1520241899_82a2381eb36208fcba78dfc47029628b},
    keywords = {User Experience (UX), User-Centred De-sign, hedonic quality, well-being}
}

@article{NormanTheUX,
    title = {{The Definition of User Experience (UX)}},
    author = {Norman, Don and Nielsen, Jakob},
    url = {https://www.nngroup.com/articles/definition-user-experience/}
}

@article{Doig2017WhyMatters,
    title = {{Why software requirements development matters}},
    year = {2017},
    author = {Doig, Chris},
    url = {https://www.cio.com/article/3071333/software/why-software-requirements-development-matters.html}
}

@inproceedings{Ivanovic2014EmotionalAgents,
    title = {{Emotional Intelligence and Agents}},
    year = {2014},
    booktitle = {Proceedings of the 4th International Conference on Web Intelligence, Mining and Semantics (WIMS14) - WIMS '14},
    author = {Ivanovi{\'{c}}, Mirjana and Radovanovi{\'{c}}, Miloš and Budimac, Zoran and Mitrovi{\'{c}}, Dejan and Kurbalija, Vladimir and Dai, Weihui and Zhao, Weidong},
    pages = {1--7},
    publisher = {ACM Press},
    url = {http://dl.acm.org/citation.cfm?doid=2611040.2611100},
    address = {New York, New York, USA},
    isbn = {9781450325387},
    doi = {10.1145/2611040.2611100}
}

@article{George2000EmotionsIntelligence,
    title = {{Emotions and Leadership: The Role of Emotional Intelligence}},
    year = {2000},
    journal = {Human Relations},
    author = {George, Jennifer M.},
    number = {8},
    month = {8},
    pages = {1027--1055},
    volume = {53},
    url = {http://journals.sagepub.com/doi/10.1177/0018726700538001},
    doi = {10.1177/0018726700538001}
}

@book{BenyonDesigningDesign,
    title = {{Designing interactive systems : a comprehensive guide to HCI, UX and interaction design}},
    author = {Benyon, David.},
    pages = {604},
    isbn = {9781292013848}
}

@article{Davidsson2017Svenskarna2017,
    title = {{Svenskarna och internet 2017}},
    year = {2017},
    author = {Davidsson, Pamela and Thoresson, Anders},
    url = {https://www.iis.se/docs/Svenskarna_och_internet_2017.pdf}
}

@misc{Six2011TheUXmatters,
    title = {{The Integration of User Experience into Software Development :: UXmatters}},
    year = {2011},
    author = {Six, Janet},
    url = {https://www.uxmatters.com/mt/archives/2011/08/the-integration-of-user-experience-into-software-development.php}
}

@misc{LeadersDetLeaders,
    title = {{Det h{\"{a}}r g{\"{o}}r vi p{\aa} Amazing Leaders | Amazing Leaders}},
    author = {Leaders, Amazing},
    url = {http://www.amazingleaders.se/det-har-gor-vi/}
}

@article{Bargas-Avila2012FociResearch,
    title = {{Foci and blind spots in user experience research}},
    year = {2012},
    journal = {Interactions},
    author = {Bargas-Avila, Javier and Hornb{\ae}k, Kasper},
    number = {6},
    pages = {24},
    volume = {19},
    url = {http://dl.acm.org/citation.cfm?doid=2377783.2377790},
    doi = {10.1145/2377783.2377790},
    issn = {10725520}
}

@article{Bargas-AvilaOldExperience,
    title = {{Old Wine in New Bottles or Novel Challenges? A Critical Analysis of Empirical Studies of User Experience}},
    author = {Bargas-Avila, Javier A and Hornbaek, Kasper},
    url = {http://www.kasperhornbaek.dk/papers/CHI2011_UXReview.pdf},
    keywords = {HCI, Meta-Analysis, Review, UX, Usability, User experience}
}

@misc{VNTRSVNTRSAB,
    title = {{VNTRS Consulting AB}},
    author = {{VNTRS}},
    url = {http://vntrs.se/#/}
}

@misc{AmazingOrganisationsutveckling,
    title = {{Amazing Leaders | Ledar- och organisationsutveckling}},
    url = {http://www.amazingleaders.se/}
}

@misc{Axbom2013JagAxbom,
    title = {{Jag svarar p{\aa} 16 fr{\aa}gor om design - axbom}},
    year = {2013},
    author = {Axbom, Per},
    url = {https://axbom.se/jag-svarar-pa-16-fragor}
}

@misc{EQLeaders,
    title = {{EQ Smart | Amazing Leaders}},
    url = {http://www.amazingleaders.se/eq-smart/}
}

@article{Lee2010UnderstandingUse,
    title = {{Understanding user preferences based on usability and aesthetics before and after actual use}},
    year = {2010},
    journal = {Interacting with Computers},
    author = {Lee, Sangwon and Koubek, Richard J.},
    number = {6},
    month = {11},
    pages = {530--543},
    volume = {22},
    publisher = {No longer published by Elsevier},
    url = {https://www.sciencedirect.com/science/article/pii/S095354381000055X},
    doi = {10.1016/J.INTCOM.2010.05.002},
    issn = {0953-5438}
}

@article{NormanquotPeople,
    title = {{{\&}quot; Part operating manual for designers and part manifesto on the power of designing for people}},
    author = {Norman, Don},
    url = {www.basickbooks.com},
    isbn = {978-0-465-05065-9}
}

@misc{Vetrov2013AppliedUXmatters,
    title = {{Applied UX Strategy, Part 1: Maturity Models :: UXmatters}},
    year = {2013},
    author = {Vetrov, Yury},
    url = {https://www.uxmatters.com/mt/archives/2013/12/applied-ux-strategy-part-1-maturity-models.php}
}

@article{UngerDESIGNLiability,
    title = {{DESIGN A PROJECT GUIDE TO FOR USER EXPERIENCE DESIGNERS IN THE FIELD OR IN THE MAKING A Project Guide to UX Design: For user experience designers in the field or in the making Notice of Rights Notice of Liability}},
    author = {Unger, Russ and Chandler, Carolyn},
    url = {http://wireframe.vn/books/A%20Project%20Guide%20to%20UX%20Design.pdf},
    isbn = {0-321-60737-6}
}

@article{PaUtvarderingsmetodikExperience,
    title = {{Utv{\"{a}}rderingsmetodik av User Experience}},
    author = {P{\aa}, Handledare and Var, Csc and Examinator, Christian Bogdan and Arnborg, Stefan},
    url = {www.csc.kth.se/utbildning/kandidatexjobb/teknikmanagement/2010/}
}

@misc{NNgroup20161YouTube,
    title = {{(1) Don Norman: The term {\&}quot;UX{\&}quot; - YouTube}},
    year = {2016},
    author = {{NNgroup}},
    publisher = {Youtube},
    url = {https://www.youtube.com/watch?v=9BdtGjoIN4E}
}

@misc{NormanTheUXb,
    title = {{The Definition of User Experience (UX)}},
    booktitle = {NNg},
    author = {Norman, Don and Nielsen, Jakob},
    url = {https://www.nngroup.com/articles/definition-user-experience/}
}

@misc{TheUX,
    title = {{The Definition of User Experience (UX)}},
    url = {https://www.nngroup.com/articles/definition-user-experience/}
}

@misc{WhatFoundation,
    title = {{What is User Experience (UX) Design? | Interaction Design Foundation}},
    url = {https://www.interaction-design.org/literature/topics/ux-design}
}

@misc{TheAxbom,
    title = {{The difference between an interaction designer and a user experience designer - axbom}},
    url = {https://axbom.com/difference-experience-designer-interaction-designer/}
}

@misc{20Mastery,
    title = {{20 Takeaways from the UX Australia 2012 Conference – UX Mastery}},
    url = {https://uxmastery.com/twenty-takeaways-from-the-ux-australia-2012-conference/}
}

@book{Allen2012SmashingExperiences,
    title = {{Smashing UX design : foundations for designing online user experiences}},
    year = {2012},
    author = {Allen, Jesmond. and Chudley, James.},
    pages = {416},
    publisher = {Wiley},
    isbn = {047097043X}
}

@misc{KickerExperience,
    title = {{Kicker Studio | The Disciplines of User Experience}},
    url = {http://www.kickerstudio.com/2008/12/the-disciplines-of-user-experience/}
}

@misc{AmazingLeaders2017OmLeaders,
    title = {{Om oss | Amazing Leaders}},
    year = {2017},
    author = {{Amazing Leaders}},
    url = {http://www.amazingleaders.se/om-oss/}
}

@article{Alvesson1985GENERATINGPROBLEMATIZATION,
    title = {{GENERATING RESEARCH QUESTIONS THROUGH PROBLEMATIZATION}},
    year = {1985},
    journal = {Daft {\&} Lewin Hargens},
    author = {Alvesson, Mats},
    publisher = {Davis Miner Mohr Wicker},
    url = {https://wiki.aalto.fi/download/attachments/59573826/Alvesson-Sandberg2011-generating+research+questons.pdf}
}

@techreport{Gualtieri2009BestDesign,
    title = {{Best Practices In User Experience (UX) Design}},
    year = {2009},
    author = {Gualtieri, Mike},
    url = {http://web.uchile.cl/DctosIntranet/05UsabilidadExperienciaUsuario/BuenasPracticas/BestPracticesUserExperience.pdf}
}

@misc{MorganFocusGroups,
    title = {{Focus Groups}},
    booktitle = {Annual Review of Sociology},
    author = {Morgan, David L.},
    pages = {129--152},
    volume = {22},
    publisher = {Annual Reviews},
    url = {http://www.jstor.org/stable/2083427},
    doi = {10.2307/2083427}
}

@book{Benyon2013Designing3/E,
    title = {{Designing Interactive Systems: A comprehensive guide to HCI, UX and interaction design, 3/E}},
    year = {2013},
    author = {Benyon, David},
    isbn = {9781447920113}
}

@misc{TuckmanModel,
    title = {{Tuckman forming storming norming performing model}},
    url = {https://www.businessballs.com/team-management/tuckman-forming-storming-norming-performing-model-234/}
}

@inproceedings{Vredenburg2002APractice,
    title = {{A survey of user-centered design practice}},
    year = {2002},
    booktitle = {Proceedings of the SIGCHI conference on Human factors in computing systems Changing our world, changing ourselves - CHI '02},
    author = {Vredenburg, Karel and Mao, Ji-Ye and Smith, Paul W. and Carey, Tom},
    pages = {471},
    publisher = {ACM Press},
    url = {http://portal.acm.org/citation.cfm?doid=503376.503460},
    address = {New York, New York, USA},
    isbn = {1581134533},
    doi = {10.1145/503376.503460},
    keywords = {HCI professionals, methodology, organizational impact, usability engineering, user-centered design}
}

@book{OtagoPolytechnic.2003JuncturesDialogue.,
    title = {{Junctures : the journal for thematic dialogue.}},
    year = {2003},
    booktitle = {Junctures: The Journal for Thematic Dialogue},
    author = {Otago Polytechnic., Christine and Doman, Maggie},
    number = {10},
    volume = {0},
    publisher = {Otago Polytechnic/Te Kura Matatini ki Otago},
    url = {http://www.junctures.org/junctures/index.php/junctures/article/view/49/394},
    issn = {1179-8912}
}

@book{VictoriaWibeck2010FokusgrupperUndersokningsmetod,
    title = {{Fokusgrupper : om fokuserade gruppintervjuer som unders{\"{o}}kningsmetod}},
    year = {2010},
    author = {{Victoria Wibeck}},
    edition = {2},
    pages = {178},
    publisher = {Studentlitteratur},
    address = {Stockholm},
    isbn = {9789144058566}
}

@inproceedings{Yamakami2014ExploratoryDesign,
    title = {{Exploratory analysis of differences between social experience design and user experience design}},
    year = {2014},
    booktitle = {16th International Conference on Advanced Communication Technology},
    author = {Yamakami, Toshihiko},
    month = {2},
    pages = {769--773},
    publisher = {Global IT Research Institute (GIRI)},
    url = {http://ieeexplore.ieee.org/document/6779066/},
    isbn = {978-89-968650-3-2},
    doi = {10.1109/ICACT.2014.6779066}
}

@book{Soderstrom2015Javla-,
    title = {{J{\"{a}}vla skitsystem! : hur en usel digital arbetsmilj{\"{o}} stressar oss p{\aa} jobbet -}},
    year = {2015},
    author = {S{\"{o}}derstr{\"{o}}m, Jonas},
    pages = {329},
    isbn = {9789187207525}
}

@article{Johansson2016IntegreringScrum,
    title = {{Integrering av ett UX-perspektiv i Scrum}},
    year = {2016},
    author = {Johansson, Angelica and M{\"{o}}rk, Emelie},
    url = {http://www.diva-portal.org/smash/record.jsf?pid=diva2%3A946017&dswid=_new},
    keywords = {Samh{\"{a}}llsvetenskap, Social Sciences}
}

@techreport{TuchIsHCI,
    title = {{Is Beautiful Really Usable? Toward Understanding the Relation Between Usability, Aesthetics, and Affect in HCI}},
    author = {Tuch, Alexandre N and Roth, Sandra P and Hornbaek, Kasper and Opwis, Klaus and Bargas-Avila, Javier A},
    url = {https://pdfs.semanticscholar.org/4189/eac6d7104e00323f78a8897167d50c815c80.pdf}
}

@book{Denscombe2010TheProjects,
    title = {{The good research guide : for small-scale social research projects}},
    year = {2010},
    author = {Denscombe, Martyn.},
    pages = {373},
    publisher = {McGraw-Hill/Open University Press},
    isbn = {0335241387}
}

@inproceedings{May2012ApplyingApp,
    title = {{Applying Lean Startup: An Experience Report -- Lean {\&}amp;amp; Lean UX by a UX Veteran: Lessons Learned in Creating {\&}amp;amp; Launching a Complex Consumer App}},
    year = {2012},
    booktitle = {2012 Agile Conference},
    author = {May, Beverly},
    month = {8},
    pages = {141--147},
    publisher = {IEEE},
    url = {http://ieeexplore.ieee.org/document/6298105/},
    isbn = {978-1-4673-2622-3},
    doi = {10.1109/Agile.2012.18}
}

@article{Laugwitz2008ConstructionQuestionnaire,
    title = {{Construction and Evaluation of a User Experience Questionnaire}},
    year = {2008},
    journal = {LNCS},
    author = {Laugwitz, Bettina and Held, Theo and Schrepp, Martin},
    pages = {63--76},
    volume = {5298},
    url = {http://www.ueq-online.org/wp-content/uploads/Construction_of_UEQ1.pdf},
    keywords = {Perceived usability, Question-naire, Software evaluation, Usability assessment, User experience, User satisfaction}
}

@book{Hartson2012TheExperience,
    title = {{The UX Book : process and guidelines for ensuring a quality user experience}},
    year = {2012},
    author = {Hartson, H. Rex. and Pyla, Pardha S.},
    pages = {937},
    publisher = {Morgan Kaufmann/Elsevier},
    isbn = {0123852412}
}

@article{Pyla2004TowardsCycles,
    title = {{Towards a Model-Based Framework for Integrating Usability and Software Engineering Life Cycles}},
    year = {2004},
    author = {Pyla, Pardha S. and Perez-Quinones, Manuel A. and Arthur, James D. and Hartson, H. Rex},
    month = {2},
    url = {http://arxiv.org/abs/cs/0402036},
    arxivId = {cs/0402036}
}

@misc{GoogleForms,
    title = {{Google Forms}},
    url = {https://docs.google.com/forms/u/0/?tgif=d}
}

@misc{NielsenPersonasEd.,
    title = {{Personas | The Encyclopedia of Human-Computer Interaction, 2nd Ed.}},
    booktitle = {Interaction Design Foundation},
    author = {Nielsen, Lene},
    url = {https://www.interaction-design.org/literature/book/the-encyclopedia-of-human-computer-interaction-2nd-ed/personas}
}

@article{SafferCreatingDevices,
    title = {{Creating Innovative Applications and Devices SeConD eDItIon designing for interaction Designing for Interaction, Second Edition: Creating Innovative Applications and Devices}},
    author = {Saffer, Dan},
    url = {http://www.designingforinteraction.com/designingforinteraction2_sample.pdf},
    isbn = {0-321-64339-9}
}

@misc{Paloma201499Paloma,
    title = {{99 r{\aa}d och tips f{\"{o}}r en lyckad enk{\"{a}}tunders{\"{o}}kning | Paloma}},
    year = {2014},
    booktitle = {Paloma},
    author = {{Paloma}},
    url = {https://www.paloma.se/blogg/2014/12/99-rad-och-tips-for-en-lyckad-enkatundersokning/}
}

@misc{KundKoll2018TipsKundkoll,
    title = {{Tips till din enk{\"{a}}tunders{\"{o}}kning | Kundkoll}},
    year = {2018},
    booktitle = {KundKoll},
    author = {{KundKoll}},
    url = {http://www.kundkoll.se/tips-till-din-enkatundersokning/}
}

@misc{Rodden2010MeasuringApplications,
    title = {{Measuring the User Experience on a Large Scale: User-Centered Metrics for Web Applications}},
    year = {2010},
    author = {Rodden, Kerry and Hutchinson, Hilary and Fu, Xin},
    url = {https://research.google.com/pubs/pub36299.html}
}

@misc{Vannette20154Qualtrics,
    title = {{4 Guidelines for Writing Clear and Effective Survey Questions | Qualtrics}},
    year = {2015},
    author = {Vannette, Dave},
    url = {https://www.qualtrics.com/blog/4-guidelines-for-writing-clear-and-effective-survey-questions/}
}

@article{Blomgren2015DesignGranssnitt,
    title = {{Design f{\"{o}}r bibeh{\aa}llen trov{\"{a}}rdighet och tillit i digitala gr{\"{a}}nssnitt}},
    year = {2015},
    author = {Blomgren, Caroline and T{\"{o}}nnkvist, Sabrina},
    url = {http://www.diva-portal.org/smash/record.jsf?dswid=6818&pid=diva2%3A827716&c=9&searchType=SIMPLE&language=sv&query=UX&af=%5B%22thesisLevel%3AM2%22%5D&aq=%5B%5B%5D%5D&aq2=%5B%5B%5D%5D&aqe=%5B%5D&noOfRows=50&sortOrder=author_sort_asc&sortOrder2=title_sort_asc&onlyFullText=false&sf=all},
    keywords = {Interaction Technologies, Interaktionsteknik}
}

@misc{UXUX,
    title = {{UX Without Users Is Not UX}},
    url = {https://www.nngroup.com/articles/ux-without-user-research/}
}

@article{Ben-BassatEconomicUsability,
    title = {{Economic and Subjective Measures of the Perceived Value of Aesthetics and Usability}},
    author = {Ben-Bassat, Tamar and Meyer, Joachim and Tractinsky, Noam and Gurion, Ben},
    url = {http://citeseerx.ist.psu.edu/viewdoc/download?doi=10.1.1.320.5761&rep=rep1&type=pdf},
    keywords = {Categories and Subject Descriptors, Design, Economics, H52 [Information Interfaces and Information], Human Factors, Measurement, Performance Additional Key Words and Phrases, Preferences, User Interfaces—Evaluation/methodology, aesthetics, auction, market value, screen design, theory and methods, usability, user evaluation, user-centered design General Terms}
}

@article{LindgaardWhatSatisfaction,
    title = {{What is this evasive beast we call user satisfaction?}},
    author = {Lindgaard, Gitte and Dudek, Cathy},
    url = {www.elsevier.com/locate/intcom}
}

@article{Karat2003TheField,
    title = {{The evolution of user-centered focus in the human-computer interaction field}},
    year = {2003},
    journal = {IBM Systems Journal},
    author = {Karat, J. and Karat, C. M.},
    number = {4},
    pages = {532--541},
    volume = {42},
    publisher = {IBM Corp.},
    url = {http://ieeexplore.ieee.org/document/5386817/},
    doi = {10.1147/sj.424.0532}
}

@misc{5Foundation,
    title = {{5 Ways to Improve the UX of Your Applications | Interaction Design Foundation}},
    url = {https://www.interaction-design.org/literature/article/5-ways-to-improve-the-ux-of-your-applications}
}

@misc{6Design,
    title = {{6 Tips How to Apply Information Architecture in UX Design}},
    url = {https://uxplanet.org/6-tips-how-to-apply-information-architecture-in-ux-design-605da30119b1}
}

@misc{MobileWhy,
    title = {{Mobile app UX design: What strategies work and why}},
    url = {https://thenextweb.com/dd/2016/03/24/mobile-app-ux-design-strategies-work/}
}

@misc{IEEPoliciesIEEEEthics,
    title = {{IEEE - IEEE Code of Ethics}},
    author = {{IEE Policies}},
    url = {https://www.ieee.org/about/corporate/governance/p7-8.html}
}

@article{Jamstalldhetspolicy,
    title = {{J{\"{a}}mst{\"{a}}lldhetspolicy}},
    url = {https://www.kth.se/polopoly_fs/1.571369!/jamstalldhetspolicy.pdf}
}

@article{Boynton2004SelectingQuestionnaire,
    title = {{Selecting, designing, and developing your questionnaire}},
    year = {2004},
    journal = {BMJ},
    author = {Boynton, Petra M and Greenhalgh, Trisha},
    number = {7451},
    month = {5},
    pages = {1312--1315},
    volume = {328},
    url = {http://www.bmj.com/lookup/doi/10.1136/bmj.328.7451.1312},
    doi = {10.1136/bmj.328.7451.1312}
}

@article{OveHanssonKunglTekniskaHogskolanTeknikEtik,
    title = {{Teknik och etik}},
    author = {Ove Hansson Kungl Tekniska H{\"{o}}gskolan, Sven},
    url = {https://people.kth.se/~soh/tekniketik.pdf}
}

@article{Hassenzahl2001TheAppealingness,
    title = {{The Effect of Perceived Hedonic Quality on Product Appealingness}},
    year = {2001},
    journal = {International Journal of Human-Computer Interaction},
    author = {Hassenzahl, Marc},
    number = {4},
    month = {12},
    pages = {481--499},
    volume = {13},
    publisher = {Lawrence Erlbaum Associates, Inc.},
    doi = {10.1207/S15327590IJHC1304{\_}07}
}

@techreport{HoudeWhatPrototype,
    title = {{What do Prototypes Prototype?}},
    booktitle = {Apple Computer, Inc.},
    author = {Houde, Stephanie and Hill, Charles},
    url = {https://pdfs.semanticscholar.org/30bc/6125fab9d9b2d5854223aeea7900a218f149.pdf},
    address = {Cupertino, CA, USA}
}

@article{Sheng2012ProductExperience,
    title = {{Product attributes and brand equity in the mobile domain: The mediating role of customer experience}},
    year = {2012},
    journal = {International Journal of Information Management},
    author = {Sheng, Margaret L. and Teo, Thompson S.H.},
    number = {2},
    month = {4},
    pages = {139--146},
    volume = {32},
    publisher = {Pergamon},
    url = {https://www.sciencedirect.com/science/article/pii/S0268401211001423?via%3Dihub},
    doi = {10.1016/J.IJINFOMGT.2011.11.017}
}

@book{LaSalle2003PricelessExperiences,
    title = {{Priceless : turning ordinary products into extraordinary experiences}},
    year = {2003},
    author = {LaSalle, Diana and Britton, Terry.},
    pages = {182},
    publisher = {Harvard Business School Press},
    isbn = {9781578517466}
}

@book{Shaw2002BuildingExperiences,
    title = {{Building Great Customer Experiences}},
    year = {2002},
    author = {Shaw, Colin and Ivens, John},
    publisher = {Palgrave Macmillan UK},
    url = {http://link.springer.com/10.1057/9780230554719},
    address = {London},
    isbn = {978-1-4039-3949-4},
    doi = {10.1057/9780230554719}
}

@article{EnergieffektiviseringarForetagsvarlden,
    title = {{Energieffektiviseringar ur ett h{\aa}llbarhetsperspektiv Strategier f{\"{o}}r att kanalisera rekyleffekter mot milj{\"{o}}f{\"{o}}rb{\"{a}}ttrande {\aa}tg{\"{a}}rder inom f{\"{o}}retagsv{\"{a}}rlden}},
    url = {http://www.diva-portal.org/smash/get/diva2:935537/FULLTEXT01.pdf}
}

@article{Giacomin2014WhatDesign,
    title = {{What Is Human Centred Design?}},
    year = {2014},
    journal = {The Design Journal},
    author = {Giacomin, Joseph},
    number = {4},
    month = {12},
    pages = {606--623},
    volume = {17},
    publisher = {Routledge},
    url = {https://www.tandfonline.com/doi/full/10.2752/175630614X14056185480186},
    doi = {10.2752/175630614X14056185480186}
}

@incollection{Millot2014Human-CenteredDesign,
    title = {{Human-Centered Design}},
    year = {2014},
    booktitle = {Designing Human-Machine Cooperation Systems},
    author = {Millot, Patrick},
    month = {7},
    pages = {1--41},
    publisher = {John Wiley {\&} Sons, Inc.},
    url = {http://doi.wiley.com/10.1002/9781118984390.ch1},
    address = {Hoboken, NJ, USA},
    doi = {10.1002/9781118984390.ch1}
}

@misc{ISOSystems,
    title = {{ISO 9241-210:2010 - Ergonomics of human-system interaction -- Part 210: Human-centred design for interactive systems}},
    url = {https://www.iso.org/standard/52075.html}
}

@misc{Human-CenteredStudio,
    title = {{Human-Centered Vs User-Centered Design. Are The Terms Different? | Tubik Studio}},
    url = {https://tubikstudio.com/faq-design-platform-human-centered-vs-user-centered-are-the-terms-different/}
}

@article{FokusgruppGruppintervju,
    title = {{Fokusgrupp -en systematiserad gruppintervju}},
    url = {http://www.jamstall.nu/wp-content/uploads/2014/02/fokusgrupp.pdf}
}

@article{RankinKvalitativaMetoder,
    title = {{Kvalitativa metoder}},
    author = {Rankin, Amy},
    url = {https://www.ida.liu.se/~TDDC72/notes/ps_kv_meth2.pdf}
}

@misc{UsabilityUsability,
    title = {{Usability 101: Introduction to Usability}},
    url = {https://www.nngroup.com/articles/usability-101-introduction-to-usability/}
}

@incollection{Blanton2009Human-ComputerInteraction,
    title = {{Human-Computer Interaction}},
    year = {2009},
    booktitle = {Encyclopedia of Database Systems},
    author = {Blanton, Marina and Zhou, Jingren and Moro, Mirella M. and Zhang, Donghui and Tsotras, Vassilis J. and Halkidi, Maria and Hainaut, Jean-Luc and Tanin, Egemen and Korn, Flip R. and Pedersen, Torben Bach and B{\"{o}}hm, Christian and Plant, Claudia and Zhang, Qing and Strauss, Martin J. and Jensen, Christian S. and Snodgrass, Richard and Li, Ninghui and Kantarcioglu, Murat and Sebe, Nicu and Jaimes, Alejandro and Dix, Alan and Tompa, Frank Wm.},
    pages = {1327--1331},
    publisher = {Springer US},
    url = {http://www.springerlink.com/index/10.1007/978-0-387-39940-9_192},
    address = {Boston, MA},
    doi = {10.1007/978-0-387-39940-9{\_}192}
}

@book{Davidson2003ForskningsmetodikensGrunder,
    title = {{Forskningsmetodikens grunder}},
    year = {2003},
    author = {Davidson, Bo and Patel, Runa},
    publisher = {Studentlitteratur AB},
    isbn = {9789144022888}
}

@misc{VNTRSAB,
    title = {{VNTRS Consulting AB}},
    url = {http://vntrs.se/#/portfolio}
}

@article{Myers1998ATechnology,
    title = {{A brief history of human-computer interaction technology}},
    year = {1998},
    journal = {interactions},
    author = {Myers, Brad A. and A., Brad},
    number = {2},
    month = {3},
    pages = {44--54},
    volume = {5},
    publisher = {ACM},
    url = {http://portal.acm.org/citation.cfm?doid=274430.274436},
    doi = {10.1145/274430.274436}
}

@misc{TheCambridge,
    title = {{The new face of human–computer interactions | University of Cambridge}},
    url = {http://www.cam.ac.uk/research/news/the-new-face-of-human%E2%80%93computer-interactions}
}

@article{BrannmarkGustavJansaterHandledareInstitutionenInformatik,
    title = {{Institutionen f{\"{o}}r informatik}},
    author = {Br{\"{a}}nnmark Gustav Jans{\"{a}}ter Handledare, Kristoffer and Fiaccadori Examinatorer, Umberto and Svensson Bj{\"{o}}rn Svensson, Anders},
    url = {http://lup.lub.lu.se/luur/download?func=downloadFile&recordOId=8913675&fileOId=8913677}
}

@article{FlaveDesignprinciperMarknadsplats,
    title = {{Designprinciper f{\"{o}}r att utveckla en digital marknadsplats}},
    author = {Flav{\'{e}}, Kelly Forsberg and Landstr{\"{o}}m, Olivia},
    url = {http://www.diva-portal.se/smash/get/diva2:1141743/FULLTEXT01.pdf}
}

@misc{GuideKallkritik,
    title = {{Guide f{\"{o}}r k{\"{a}}llkritik}},
    url = {https://www.skolverket.se/skolutveckling/resurser-for-larande/kollakallan/kallkritik/guide-for-kallkritik-1.251678}
}

@misc{KTHHallbarKTH,
    title = {{H{\aa}llbar utveckling | KTH}},
    author = {{KTH}},
    url = {https://www.kth.se/om/miljo-hallbar-utveckling/utbildning-miljo-hallbar-utveckling/verktygslada/sustainable-development/hallbar-utveckling-1.350579}
}

@misc{Human-CenteredStudiob,
    title = {{Human-Centered Vs User-Centered Design. Are The Terms Different? | Tubik Studio}},
    url = {https://tubikstudio.com/faq-design-platform-human-centered-vs-user-centered-are-the-terms-different/}
}

@misc{InteractiveDictionary,
    title = {{Interactive Systems - Dictionary definition of Interactive Systems | Encyclopedia.com: FREE online dictionary}},
    url = {https://www.encyclopedia.com/computing/news-wires-white-papers-and-books/interactive-systems}
}

@misc{VejdeSnobollsurval,
    title = {{Sn{\"{o}}bollsurval}},
    author = {Vejde, Olle},
    url = {http://www.ollevejde.se/statistikord/snobollsurval.htm}
}

@article{Abras2004User-CenteredDesign,
    title = {{User-Centered Design}},
    year = {2004},
    author = {Abras, Chadia and Maloney-Krichmar, Diane and Preece, Jenny},
    publisher = {Sage Publications},
    url = {http://citeseerx.ist.psu.edu/viewdoc/download?doi=10.1.1.94.381&rep=rep1&type=pdf}
}

@misc{PlaneradBokhandel,
    title = {{Planerad kommunikation : strategiskt ledningsst{\"{o}}d i f{\"{o}}retag och organisationer - Peter Erikson - b{\"{o}}cker (9789147122486) | Adlibris Bokhandel}}
}

@book{Smith-Atakan2006Human-computerInteraction,
    title = {{Human-computer interaction}},
    year = {2006},
    author = {Smith-Atakan, Serengul.},
    pages = {204},
    publisher = {Thomson},
    isbn = {9781844804542}
}

@article{Langendoen1999HowWorks,
    title = {{How the Mind Works}},
    year = {1999},
    journal = {Language},
    author = {Langendoen, D. Terence and Pinker, Steven},
    number = {1},
    month = {3},
    pages = {136},
    volume = {75},
    publisher = {Linguistic Society of America},
    url = {https://www.jstor.org/stable/417481?origin=crossref},
    doi = {10.2307/417481}
}